<?xml version="1.0" encoding="UTF-8"?><record xmlns="http://www.loc.gov/MARC21/slim" xmlns:cinclude="http://apache.org/cocoon/include/1.0" xmlns:zs="http://www.loc.gov/zing/srw/">
  <leader>00951cz  a2200229n  4500</leader>
  <controlfield tag="001">no 98010755 </controlfield>
  <controlfield tag="003">DLC</controlfield>
  <controlfield tag="005">20141118073802.0</controlfield>
  <controlfield tag="008">980108n| azannaabn          |a aaa     c</controlfield>
  <datafield tag="010" ind1=" " ind2=" ">
    <subfield code="a">no 98010755 </subfield>
  </datafield>
  <datafield tag="035" ind1=" " ind2=" ">
    <subfield code="a">(OCoLC)oca04584883</subfield>
  </datafield>
  <datafield tag="040" ind1=" " ind2=" ">
    <subfield code="a">OCoLC</subfield>
    <subfield code="b">eng</subfield>
    <subfield code="e">rda</subfield>
    <subfield code="c">OCoLC</subfield>
    <subfield code="d">PPi-MA</subfield>
  </datafield>
  <datafield tag="046" ind1=" " ind2=" ">
    <subfield code="k">1914</subfield>
  </datafield>
  <datafield tag="100" ind1="1" ind2=" ">
    <subfield code="a">Elgar, Edward,</subfield>
    <subfield code="d">1857-1934.</subfield>
    <subfield code="t">Carillon</subfield>
  </datafield>
  <datafield tag="380" ind1=" " ind2=" ">
    <subfield code="a">Monologues with music</subfield>
    <subfield code="2">lcsh</subfield>
  </datafield>
  <datafield tag="382" ind1="0" ind2=" ">
    <subfield code="b">speaker</subfield>
    <subfield code="n">1</subfield>
    <subfield code="a">orchestra</subfield>
    <subfield code="n">1</subfield>
    <subfield code="2">lcmpt</subfield>
  </datafield>
  <datafield tag="383" ind1=" " ind2=" ">
    <subfield code="b">op. 75</subfield>
  </datafield>
  <datafield tag="400" ind1="1" ind2=" ">
    <subfield code="a">Elgar, Edward,</subfield>
    <subfield code="d">1857-1934.</subfield>
    <subfield code="t">Chantons, Belges, chantons!</subfield>
  </datafield>
  <datafield tag="667" ind1=" " ind2=" ">
    <subfield code="a">Machine-derived authority record.</subfield>
  </datafield>
  <datafield tag="670" ind1=" " ind2=" ">
    <subfield code="a">LCCN 89-755729: Elgar, E. War music, p1988</subfield>
  </datafield>
  <datafield tag="670" ind1=" " ind2=" ">
    <subfield code="a">Grove music online, November 17, 2014</subfield>
    <subfield code="b">(op. 75, Carillon (E. Cammaerts), spkr, orch, 1914; new text by L. Binyon, 1942)</subfield>
  </datafield>
  <datafield tag="670" ind1=" " ind2=" ">
    <subfield code="a">Elgar, Edward. Carillon, c1914:</subfield>
    <subfield code="b">title page (Carillon : Chantons, Belges, chantons! / poem by Emile Cammaerts) caption (op. 75; English version by Tina Brand Cammaerts)</subfield>
  </datafield>
</record>